<?xml version="1.0" encoding="UTF-8"?><collection xmlns="http://www.loc.gov/MARC21/slim"><record><leader>00468nam--2200193-i-4500</leader><controlfield tag="001">000024504</controlfield><controlfield tag="002">20161230</controlfield><controlfield tag="005">20170305201932</controlfield><controlfield tag="008">060222s1000------------r-----000-0-rus-d</controlfield><datafield ind1=" " ind2=" " tag="040"><subfield code="a">IFIN-HH</subfield></datafield><datafield ind1=" " ind2=" " tag="041"><subfield code="a">rus</subfield></datafield><datafield ind1=" " ind2=" " tag="080"><subfield code="a">53</subfield></datafield><datafield ind1="1" ind2=" " tag="100"><subfield code="a">Yavorsky, Boris M</subfield></datafield><datafield ind1="1" ind2="0" tag="245"><subfield code="a">Spravocenik po fizike</subfield><subfield code="c">B.m. iavorskii, a.a. detlaf</subfield></datafield><datafield ind1=" " ind2=" " tag="260"><subfield code="a">Moskva</subfield><subfield code="b">Nauka</subfield><subfield code="c">1985</subfield></datafield><datafield ind1=" " ind2=" " tag="300"><subfield code="a">512 p</subfield></datafield><datafield ind1="1" ind2=" " tag="700"><subfield code="a">Detlaf, Andrei A</subfield></datafield><datafield ind1=" " ind2=" " tag="852"><subfield code="a">73272</subfield><subfield code="c">53</subfield></datafield><datafield ind1=" " ind2=" " tag="CAT"><subfield code="a">SYS</subfield><subfield code="c">20170305</subfield><subfield code="h">201932</subfield></datafield></record></collection>